<?xml version="1.0" encoding="UTF-8" ?><marc:collection xmlns:marc="http://www.loc.gov/MARC21/slim" xmlns:xsi="http://www.w3.org/2001/XMLSchema-instance" xsi:schemaLocation="http://www.loc.gov/MARC21/slim http://www.loc.gov/standards/marcxml/schema/MARC21slim.xsd">
<marc:record><marc:leader>01516nam a2200337   4500</marc:leader>
<marc:controlfield tag="001">6330</marc:controlfield>
<marc:controlfield tag="003">aeadna</marc:controlfield><marc:controlfield tag="005">20100426133400.0</marc:controlfield><marc:controlfield tag="008">970121s1935    ua    bf0  ara00  0cara d</marc:controlfield><marc:datafield tag="035" ind1=" " ind2=" "><marc:subfield code="a">(Sirsi) 6330</marc:subfield></marc:datafield><marc:datafield tag="040" ind1=" " ind2=" "><marc:subfield code="a">nal</marc:subfield><marc:subfield code="b">ara</marc:subfield><marc:subfield code="e">AACR2</marc:subfield></marc:datafield><marc:datafield tag="041" ind1="0" ind2=" "><marc:subfield code="a">ara</marc:subfield></marc:datafield><marc:datafield tag="050" ind1=" " ind2="4"><marc:subfield code="a">CS2970</marc:subfield><marc:subfield code="b">.M88 1935</marc:subfield></marc:datafield><marc:datafield tag="066" ind1=" " ind2=" "><marc:subfield code="c">(3</marc:subfield></marc:datafield><marc:datafield tag="082" ind1="1" ind2="0"><marc:subfield code="a">920.056</marc:subfield><marc:subfield code="b">21</marc:subfield></marc:datafield><marc:datafield tag="090" ind1=" " ind2=" "><marc:subfield code="a"></marc:subfield></marc:datafield><marc:datafield tag="100" ind1="1" ind2=" "><marc:subfield code="a">مصطفى، محمود</marc:subfield></marc:datafield><marc:datafield tag="245" ind1="1" ind2="0"><marc:subfield code="a">إعجام الأعلام /</marc:subfield><marc:subfield code="c">تأليف محمود مصطفى</marc:subfield></marc:datafield><marc:datafield tag="260" ind1=" " ind2=" "><marc:subfield code="a">القاهرة :</marc:subfield><marc:subfield code="b">جماعة دار العلوم؛</marc:subfield><marc:subfield code="a"> (القاهرة: المطبعة الرحمانية)،</marc:subfield><marc:subfield code="c">1935م.</marc:subfield></marc:datafield><marc:datafield tag="300" ind1=" " ind2=" "><marc:subfield code="a">249 ص.:</marc:subfield><marc:subfield code="b">خرائط؛</marc:subfield><marc:subfield code="c">23سم.</marc:subfield></marc:datafield><marc:datafield tag="500" ind1=" " ind2=" "><marc:subfield code="a">في أعلى صفحة العنوان :&quot; أول كتاب تخرجه جماعة دار العلوم بإقرار لجنتها العلمية&quot;</marc:subfield></marc:datafield><marc:datafield tag="500" ind1=" " ind2=" "><marc:subfield code="a">&quot;تجد به نحو 1000 علم من أعلام الأناسي و المواضع و تجد به خمس مصورات مفصلة للبلاد التي عرفها الإسلام منذ الفتح إلى اليوم&quot;.</marc:subfield></marc:datafield><marc:datafield tag="500" ind1=" " ind2=" "><marc:subfield code="a">الباب الثاني من الكتاب  &quot; في أعلام المواضع من بلاد وآطام&quot;. ص202-238</marc:subfield></marc:datafield><marc:datafield tag="500" ind1=" " ind2=" "><marc:subfield code="a">الكتاب مرّتب &quot;على الّشهرة التي ذاعت وعرف بها المترجم، فلأصمعي تم ذكره في باب الهمزة لشهرته بلقب الأصمعي...&quot;</marc:subfield></marc:datafield><marc:datafield tag="541" ind1=" " ind2=" "><marc:subfield code="a">هدية سمو الشيخ فالح بن ناصر آل ثاني إلى مكتبة مركز الوثائق والدراسات أبو ظبي</marc:subfield></marc:datafield><marc:datafield tag="650" ind1=" " ind2="4"><marc:subfield code="a">أسماء الأشخاص</marc:subfield><marc:subfield code="v">تراجم</marc:subfield></marc:datafield><marc:datafield tag="650" ind1=" " ind2="4"><marc:subfield code="a">الأسماء الجغرافية</marc:subfield><marc:subfield code="v">معاجم</marc:subfield></marc:datafield><marc:datafield tag="650" ind1=" " ind2="4"><marc:subfield code="a">المدن</marc:subfield><marc:subfield code="z">العالم العربي</marc:subfield><marc:subfield code="v">معاجم</marc:subfield></marc:datafield><marc:datafield tag="651" ind1=" " ind2="4"><marc:subfield code="a">العالم العربي</marc:subfield><marc:subfield code="v">تراجم</marc:subfield></marc:datafield><marc:datafield tag="990" ind1=" " ind2=" "><marc:subfield code="a">مكتبة الشيخ فالح</marc:subfield></marc:datafield><marc:datafield tag="949" ind1=" " ind2=" "><marc:subfield code="a">920.056 ك ص أ غ</marc:subfield><marc:subfield code="w">DDC</marc:subfield><marc:subfield code="i">30018000012220</marc:subfield><marc:subfield code="u">06/23/2003</marc:subfield><marc:subfield code="d">04/26/2010</marc:subfield><marc:subfield code="n">0</marc:subfield><marc:subfield code="t">Book</marc:subfield><marc:subfield code="l">av</marc:subfield><marc:subfield code="m">MAIN</marc:subfield><marc:subfield code="x">RAR</marc:subfield></marc:datafield></marc:record>
</marc:collection>
